%%%%%%%%%%%%%%%%%%%%%%%%%%%%%%%%%%%%%%%%%%%%%%%%%%%%%%%%%%%%%%%%%%%%%%%%%
% Typy bibliografii:
%  - artykuł z czasopisma,
%  - artykuł z konferencji,
%  - materiały konferencyjne,
%  - książka,
%  - fragment książki,
%  - książka z serii,
%  - krótka broszura,
%  - praca magisterska,
%  - praca doktorska,
%  - instrukcja obsługi,
%  - raport techniczny,
%  - materiały nieopublikowane,
%  - inne typy materiałów źródłowych.
% Więcej informacji na stronie https://www.bibtex.com/
%%%%%%%%%%%%%%%%%%%%%%%%%%%%%%%%%%%%%%%%%%%%%%%%%%%%%%%%%%%%%%%%%%%%%%%%%

@article{real-time_computing_Shin,
  author  = {Shin, K.G. and Ramanathan, P.},
  journal = {Proceedings of the IEEE},
  title   = {Real-time computing: a new discipline of computer science and engineering},
  year    = {1994},
  volume  = {82},
  number  = {1},
  pages   = {6-24},
  doi     = {10.1109/5.259423}
}

@book{design_and_analysis_phillip_a_laplante,
  author    = {Phillip A. Laplante},
  title     = {Real-Time Systems Design and Analysis},
  publisher = {Wiley-IEEE Press},
  year      = {2004},
  isbn      = {9780471648291}
}

@book{freertosbook,
  author    = {Richard Barry},
  title     = {Mastering the FreeRTOS Real Time Kernel - a Hands On Tutorial Guide},
  publisher = {Real Time Engineers Ltd.},
  year      = {2016},
  isbn      = {not found}
}

@article{wang2021heuristic,
  author    = {Wang, T. and Liu, X. and Liu, H.},
  journal   = {IEEE Access},
  title     = {Heuristic Scheduling Algorithms for Real-Time Operating Systems: A Survey},
  year      = {2021},
  publisher = {IEEE}
}


@article{wang2018review,
  title     = {A review of real-time operating system scheduling techniques for multicore embedded systems},
  author    = {Wang, Sihao and Zhang, Wei and Sun, Lei and Chen, Hua and Jiang, Haitao and Zhang, Chenglong},
  journal   = {Journal of Systems Architecture},
  year      = {2018},
  publisher = {Elsevier}
}

@book{butenhof2013programming,
  title     = {Programming with POSIX threads},
  author    = {Butenhof, David R},
  year      = {2013},
  publisher = {Addison-Wesley Professional}
}

@misc{freertosdocs,
  author       = {FreeRTOS.org},
  title        = {FreeRTOS Kernel Developer Docs},
  howpublished = {\href{https://www.freertos.org/features.html}{<https://www.freertos.org/features.html>}}
}

@book{shaw1991real,
  title     = {Real-Time Systems and Programming Languages},
  author    = {Shaw, Alan C},
  year      = {1991},
  publisher = {Prentice Hall International}
}


%%%%%%%%%%%%%%%%%%%%%%%%%%%%%%%%%%%%%%%%%%%%%%%%%%%%%%%%%%%%%%%%%%%%%%%%%
% Artykuły naukowe z czasopism i konferencji
%%%%%%%%%%%%%%%%%%%%%%%%%%%%%%%%%%%%%%%%%%%%%%%%%%%%%%%%%%%%%%%%%%%%%%%%%
% Article - artykuł z czasopisma.
% Wymagane pola: author, title, journal, year.
% Opcjonalne pola: volume, number, pages, month, note.
@article{maxwell1865,
  author  = {James Clerk Maxwell},
  title   = {A Dynamical Theory of the Electromagnetic Field},
  journal = {Philosophical Transactions of the Royal Society},
  year    = {1865},
  number  = {155},
  pages   = {459-512},
  month   = {1},
  note    = {\href{https://royalsocietypublishing.org/doi/pdf/10.1098/rstl.1865.0008}{<https://royalsocietypublishing.org/doi/pdf/10.1098/rstl.1865.0008>}, dostęp uzyskano 2020-12-03}
}

%%%%%%%%%%%%%%%%%%%%%%%%%%%%%%%%%%%%%%%%%%%%%%%%%%%%%%%%%%%%%%%%%%%%%%%%%
% InProceedings - artykuły z konferencji
% Wymagane pola: author or editor, title, publisher, year.
% Opcjonalne pola: volume or number, series, address, edition, month, note.
@inproceedings{cichon1995,
  author    = {D. J. {Cichon} and W. {Wiesbeck}},
  title     = {The Heinrich Hertz wireless experiments at Karlsruhe in the view of modern communication},
  publisher = {Institution of Engineering and Technology},
  year      = {1995}
}

%%%%%%%%%%%%%%%%%%%%%%%%%%%%%%%%%%%%%%%%%%%%%%%%%%%%%%%%%%%%%%%%%%%%%%%%%
% Proceedings - publikacja pokonferencyjna, zbiór artykułów z jednej konferencji
% Wymagane pola: title, year.
% Opcjonalne pola: editor, volume or number, series, address, publisher, note, month, organization.
@proceedings{cpee2018,
  title = {19th International Conference Computational Problems of Electrical Engineering},
  year  = {2018},
  note  = {doi: \href{https://doi.org/10.1109/CPEE44871.2018}{10.1109/CPEE44871.2018}}
}

%%%%%%%%%%%%%%%%%%%%%%%%%%%%%%%%%%%%%%%%%%%%%%%%%%%%%%%%%%%%%%%%%%%%%%%%%
% Materiały książkowe
%%%%%%%%%%%%%%%%%%%%%%%%%%%%%%%%%%%%%%%%%%%%%%%%%%%%%%%%%%%%%%%%%%%%%%%%%
% Book - książka mająca wydawcę.
% Wymagane pola: author or editor, title, publisher, year.
% Opcjonalne pola: volume or number, series, address, edition, month, note.
@book{fowler2009,
  author    = {Kim Fowler},
  title     = {Mission-Critical and Safety-Critical Systems Handbook: Design and Development for Embedded Applications},
  publisher = {Newnes},
  year      = {2009},
  isbn      = {978-0750685672}
}

%%%%%%%%%%%%%%%%%%%%%%%%%%%%%%%%%%%%%%%%%%%%%%%%%%%%%%%%%%%%%%%%%%%%%%%%%
% Inbook - część książki, na przykład rozdział i/lub zakres stron.
% Wymagane pola: author lub editor, title, chapter i/lub pages, publisher, year.
% Opcjonalne pola: volume or number, series, type, address, edition, month, note.
@inbook{leksinski1995,
  chapter   = {1-2},
  pages     = {9-232},
  title     = {Matematyka},
  publisher = {Wydawnictwa Naukowo-Techniczne},
  year      = {1995},
  author    = {Wojciech Żakowski and Wacław Leksiński}
}

%%%%%%%%%%%%%%%%%%%%%%%%%%%%%%%%%%%%%%%%%%%%%%%%%%%%%%%%%%%%%%%%%%%%%%%%%
% Incollection - część książki mająca własny tytuł, również książka z serii.
% Wymagane pola: author, title, booktitle, publisher, year.
% Opcjonalne pola: editor, volume or number, series, type, chapter, pages, address, edition, month, note.
@incollection{lncsevo,
  author    = {Gyu Myoung Lee and Noel Crespi and Jun Kyun Choi and Matthieu Boussard},
  title     = {Internet of Things},
  booktitle = {Evolution of Telecommunication Services},
  series    = {Lecture Notes in Computer Science},
  publisher = {Springer-Verlag Berlin Heidelberg},
  year      = {2013},
  editor    = {Emmanuel Bertin and Noel Crespi and Thomas Magedanz},
  volume    = {7768},
  isbn      = {978-3642415685}
}

%%%%%%%%%%%%%%%%%%%%%%%%%%%%%%%%%%%%%%%%%%%%%%%%%%%%%%%%%%%%%%%%%%%%%%%%%
% Booklet - praca, która została wydrukowana i oprawiona ale nie mająca wydawcy lub stojącej za nią instytucji, broszurka mająca 4-48 stron
% Wymagane pola: title.
% Opcjonalne pola: author, howpublished, address, month, year, note.
@booklet{giglio,
  author = {Pierluigi Giglio},
  title  = {Postmodernism and Plagiarism}
}

%%%%%%%%%%%%%%%%%%%%%%%%%%%%%%%%%%%%%%%%%%%%%%%%%%%%%%%%%%%%%%%%%%%%%%%%%
% MastersThesis - praca magisterska (uwaga: masters a nie master)
% Wymagane pola: author, title, school, year.
% Opcjonalne pola: type, address, month, note.
@mastersthesis{poirier2020,
  author = {Izabela Poirier},
  title  = {Wykorzystanie technologii Blockchain w komunikacji urządzeń Internetu Rzeczy},
  school = {Politechnika Warszawska, Wydział Elektryczny, Instytut Elektrotechniki Teoretycznej i Systemów Informacyjno-Pomiarowych},
  year   = {2020}
}

%%%%%%%%%%%%%%%%%%%%%%%%%%%%%%%%%%%%%%%%%%%%%%%%%%%%%%%%%%%%%%%%%%%%%%%%%
% phdthesis - praca doktorska
% Wymagane pola: author, title, school, year.
% Opcjonalne pola: type, address, month, note.
@phdthesis{truong2018,
  author = {Nguyen Binh Truong},
  title  = {Evaluation of trust in the Internet of Things : models, mechanisms and applications},
  school = {Liverpool John Moores University},
  year   = {2018},
  note   = {doi: \href{http://doi.org/10.24377/researchonline.ljmu.ac.uk.00009241}{10.24377/researchonline.ljmu.ac.uk.00009241}}
}

%%%%%%%%%%%%%%%%%%%%%%%%%%%%%%%%%%%%%%%%%%%%%%%%%%%%%%%%%%%%%%%%%%%%%%%%%
% Dokumenty techniczne
%%%%%%%%%%%%%%%%%%%%%%%%%%%%%%%%%%%%%%%%%%%%%%%%%%%%%%%%%%%%%%%%%%%%%%%%%
% manual - instrukcja obługi, specyfikacja techniczna, nota katalogowa (datasheet)
% Wymagane pola: title.
% Opcjonalne pola: author, organization, address, edition, month, year, note.
@manual{AN4230,
  title        = {STM32 microcontroller random number generation validation using the NIST statistical test suite},
  organization = {STMicroelectronics},
  year         = {2020},
  month        = {8},
  note         = {AN4230}
}

%%%%%%%%%%%%%%%%%%%%%%%%%%%%%%%%%%%%%%%%%%%%%%%%%%%%%%%%%%%%%%%%%%%%%%%%%
% techreport - raport techniczny
% Wymagane pola: author, title, institution, year.
% Opcjonalne pola: type, number, address, month, note.
@techreport{nask2020,
  author      = {{Zespół CERT Polska}},
  title       = {Krajobraz bezpieczeństwa polskiego Internetu w 2019 roku},
  institution = {NASK -- Państwowy Instytut Badawczy},
  year        = {2020}
}

%%%%%%%%%%%%%%%%%%%%%%%%%%%%%%%%%%%%%%%%%%%%%%%%%%%%%%%%%%%%%%%%%%%%%%%%%
% Dokumenty nietypowe
%%%%%%%%%%%%%%%%%%%%%%%%%%%%%%%%%%%%%%%%%%%%%%%%%%%%%%%%%%%%%%%%%%%%%%%%%
% unpublished - dokument mający autora i tytuł ale nie opublikowany typowymi metodami
% Wymagane pola: author, title, note.
% Opcjonalne pola: month, year.
@unpublished{wilamowski2017,
  author = {Maciej Wilamowski},
  title  = {,,Daj, ać ja pobruczę, a ty poczywaj''. Pierwsze zdanie po polsku w historii},
  note   = {\href{https://twojahistoria.pl/2017/11/21/daj-ac-ja-pobrucze-a-ty-poczywaj-co-powinienes-wiedziec-o-pierwszym-zdaniu-zapisanym-w-jezyku-polskim/}{<https://twojahistoria.pl/2017/11/21/daj-ac-ja-pobrucze-a-ty-poczywaj-co-powinienes-wiedziec-o-pierwszym-zdaniu-zapisanym-w-jezyku-polskim/>}, dostęp uzyskano 2020-12-03}
}

%%%%%%%%%%%%%%%%%%%%%%%%%%%%%%%%%%%%%%%%%%%%%%%%%%%%%%%%%%%%%%%%%%%%%%%%%
% misc - jeśli wszystkie inne kategorie nie pasują; przynajmniej jedno z pól opcjonalnych musi być użyte
% Wymagane pola: brak
% Opcjonalne pola: author, title, howpublished, month, year, note.
@misc{szablon,
  author       = {Łukasz Makowski},
  title        = {Szablon prac dyplomowych dla Wydziału Elektrycznego Politechniki Warszawskiej},
  howpublished = {\href{https://github.com/SP5LMA/EE-Dyplom}{<https://github.com/SP5LMA/EE-Dyplom>}}
}

